@techreport{chamberlain2014using,
  title={Using Docker to support reproducible research},
  author={Chamberlain, Ryan and Invenshure, L and Schommer, Jennifer},
  year={2014},
  institution={Technical report, Technical Report 1101910, figshare, 2014. http://dx. doi. org/10.6084/m9. figshare. 1101910}
}

@inproceedings{joy2015performance,
  title={Performance comparison between Linux containers and virtual machines},
  author={Joy, Ann Mary},
  booktitle={Computer Engineering and Applications (ICACEA), 2015 International Conference on Advances in},
  pages={342--346},
  year={2015},
  organization={IEEE}
}

@book{omer2013resilience,
  title={The Resilience of Networked Infrastructure Systems: Analysis and Measurement},
  author={Omer, Mayada},
  volume={3},
  year={2013},
  publisher={World Scientific}
}

@book{aitchison2006pro,
  title={Pro DNS and Bind},
  author={Aitchison, Ron},
  year={2006},
  publisher={Apress}
}

@book{newman2015building,
  title={Building Microservices},
  author={Newman, Sam},
  year={2015},
  publisher={" O'Reilly Media, Inc."}
}

@techreport{SpringDocker,
title = {Building Microservices with Spring Cloud and Docker},
author = {Kenny Bastani},
year = {2015},
institution={Technical report}
}

@techreport{ServiceDis,
title = {Service Discovery in a Microservices Architecture},
author = {Chris Richardson},
year = {2015},
institution={Technical report}
}

@article{bernstein2014containers,
  title={Containers and cloud: From lxc to docker to kubernetes},
  author={Bernstein, David},
  journal={IEEE Cloud Computing},
  number={3},
  pages={81--84},
  year={2014},
  publisher={IEEE}
}